<record xmlns="http://www.loc.gov/MARC21/slim" xmlns:xsi="http://www.w3.org/2001/XMLSchema-instance" xsi:schemaLocation="http://www.loc.gov/MARC21/slim http://www.loc.gov/standards/marcxml/schema/MARC21slim.xsd"><leader>00037nz   2200037n  4500</leader><controlfield tag="001">oca01138150 </controlfield><controlfield tag="005">20070707071238.0</controlfield><controlfield tag="008">840403n| acannaabn          |a aaa     c</controlfield><datafield ind1=" " ind2=" " tag="010"><subfield code="a">n  84111351</subfield></datafield><datafield ind1=" " ind2=" " tag="040"><subfield code="a">InU</subfield><subfield code="b">eng</subfield><subfield code="c">DLC</subfield><subfield code="d">DLC</subfield><subfield code="d">InU</subfield></datafield><datafield ind1="0" ind2=" " tag="100"><subfield code="a">Eustathius,</subfield><subfield code="c">Archbishop of Thessalonica,</subfield><subfield code="d">d. ca. 1194</subfield></datafield><datafield ind1="0" ind2=" " tag="400"><subfield code="a">Eustathios,</subfield><subfield code="c">von Thessalonike,</subfield><subfield code="d">d. ca. 1194</subfield></datafield><datafield ind1="0" ind2=" " tag="400"><subfield code="a">Eustazio,</subfield><subfield code="c">di Tessalonica,</subfield><subfield code="d">d. ca. 1194</subfield></datafield><datafield ind1="1" ind2=" " tag="400"><subfield code="a">Thessalonike, Eustathios von,</subfield><subfield code="d">d. ca. 1194</subfield></datafield><datafield ind1="1" ind2=" " tag="400"><subfield code="a">Tessalonica, Eustazio di,</subfield><subfield code="d">d. ca. 1194</subfield></datafield><datafield ind1="0" ind2=" " tag="400"><subfield code="a">Eustathius,</subfield><subfield code="c">Thessalonicensis,</subfield><subfield code="d">d. ca. 1194</subfield></datafield><datafield ind1="0" ind2=" " tag="400"><subfield code="a">Eustathius,</subfield><subfield code="c">of Thessalonica,</subfield><subfield code="d">d. ca. 1194</subfield></datafield><datafield ind1="0" ind2=" " tag="400"><subfield code="a">Eustathios,</subfield><subfield code="c">ho Thessalonikēs,</subfield><subfield code="d">d. ca. 1194</subfield></datafield><datafield ind1="0" ind2=" " tag="400"><subfield code="a">Eustathe,</subfield><subfield code="c">de Thessalonique,</subfield><subfield code="d">d. ca. 1194</subfield></datafield><datafield ind1=" " ind2=" " tag="670"><subfield code="a">Wirth, P. Eustathiana, 1980:</subfield><subfield code="b">t.p. (Metropoliten Eustathios von Thessalonike)</subfield></datafield><datafield ind1=" " ind2=" " tag="670"><subfield code="a">His Eustathii Thessalonicensis Scripta ad rem christianam spectantia, 1887:</subfield><subfield code="b">v. 1, t.p. (Eustathii Thessalonicensis ... )</subfield></datafield><datafield ind1=" " ind2=" " tag="670"><subfield code="a">Enc. Brit., 1980</subfield><subfield code="b">(Eustathius of Thessalonica; b. early 12th cent.; d. ca. 1194; metropolitan (archbishop) of Thessalonica)</subfield></datafield><datafield ind1=" " ind2=" " tag="670"><subfield code="a">New Cath. enc.:</subfield><subfield code="b">index (Eustathius of Thessalonica, Abp.)</subfield></datafield><datafield ind1=" " ind2=" " tag="670"><subfield code="a">NUC pre-1956</subfield><subfield code="b">(Eustathius, Abp. of Thessalonica, fl. 1175)</subfield></datafield><datafield ind1=" " ind2=" " tag="670"><subfield code="a">Megalē hellēnikē enkyklopaideia</subfield><subfield code="b">(Eustathios ho Thessalonikēs; became metropolitan in 1174 or 1175)</subfield></datafield><datafield ind1=" " ind2=" " tag="670"><subfield code="a">Encic. ital.</subfield><subfield code="b">(Eustazio di Tessalonica, Archbishop of Thessalonica; d. between 1192 and 1194)</subfield></datafield><datafield ind1=" " ind2=" " tag="670"><subfield code="a">Thessalonique, c2005:</subfield><subfield code="b">t.p. (Eustathe de Thessalonique)</subfield></datafield><datafield ind1=" " ind2=" " tag="670"><subfield code="a">Oxford classical dict., 1996</subfield><subfield code="b">(Eustathius, 12th cent.; taught rhetoric and probably grammar until 1178 when he came metropolitan of Thessalonica; works of classical scholarship written before 1178)</subfield></datafield><datafield ind1=" " ind2=" " tag="999"><subfield code="a">30198</subfield></datafield></record>